@Book{tinbergen1962shaping,
 title                = {Shaping the World Economy; Suggestions for an International Economic Policy},
 author               = {Tinbergen, Jan},
 publisher            = {Twentieth Century Fund, New York},
 year                 = 1962,
 month                = jan,
 url                  = {http://hdl.handle.net/1765/16826}
}

@article{anderson2003gravity,
  title={Gravity with gravitas: A solution to the border puzzle},
  author={Anderson, James E and Van Wincoop, Eric},
  journal={American economic review},
  volume={93},
  number={1},
  pages={170--192},
  year={2003}
}

@article{helpman2008estimating,
  title={Estimating trade flows: Trading partners and trading volumes},
  author={Helpman, Elhanan and Melitz, Marc and Rubinstein, Yona},
  journal={The quarterly journal of economics},
  volume={123},
  number={2},
  pages={441--487},
  year={2008},
  publisher={MIT Press}
}

@article{heckman1979sample,
  title={Sample selection as a specification error},
  author={Heckman, James J},
  journal={Econometrica},
  volume={47},
  pages={153--161},
  year={1979}
}

@article{silva2006log,
  title={The log of gravity},
  author={Silva, JMC Santos and Tenreyro, Silvana},
  journal={The Review of Economics and statistics},
  volume={88},
  number={4},
  pages={641--658},
  year={2006},
  publisher={MIT Press}
}

@article{fernandez2016individual,
  title={Individual and time effects in nonlinear panel models with large N, T},
  author={Fern{\'a}ndez-Val, Iv{\'a}n and Weidner, Martin},
  journal={Journal of Econometrics},
  volume={192},
  number={1},
  pages={291--312},
  year={2016},
  publisher={Elsevier}
}

@article{jochmans2017two,
  title={Two-way models for gravity},
  author={Jochmans, Koen},
  journal={Review of Economics and Statistics},
  volume={99},
  number={3},
  pages={478--485},
  year={2017},
  publisher={MIT Press}
}

@article{jochmans2015multiplicative,
  title={Multiplicative-error models with sample selection},
  author={Jochmans, Koen},
  journal={Journal of econometrics},
  volume={184},
  number={2},
  pages={315--327},
  year={2015},
  publisher={Elsevier}
}

@article{anderson1979theoretical,
  title={A theoretical foundation for the gravity equation},
  author={Anderson, James E},
  journal={The American economic review},
  volume={69},
  number={1},
  pages={106--116},
  year={1979},
  publisher={JSTOR}
}

@article{jochmans2019modified,
  title={Modified-likelihood estimation of fixed-effect models for dyadic data},
  author={Jochmans, Koen},
  journal={Cambridge Working Papers in Economics},
  year={2019},
  publisher={Faculty of Economics, University of Cambridge}
}


@article{neyman1948consistent,
  title={Consistent estimates based on partially consistent observations},
  author={Neyman, Jerzy and Scott, Elizabeth L},
  journal={Econometrica: Journal of the Econometric Society},
  pages={1--32},
  year={1948},
  publisher={JSTOR}
}

@article{charbonneau2017multiple,
  title={Multiple fixed effects in binary response panel data models},
  author={Charbonneau, Karyne B},
  journal={The Econometrics Journal},
  volume={20},
  number={3},
  pages={S1--S13},
  year={2017},
  publisher={Oxford University Press Oxford, UK}
}

@article{arellano2007understanding,
  title={Understanding bias in nonlinear panel models: Some recent developments},
  author={Arellano, Manuel and Hahn, Jinyong},
  journal={Econometric Society Monographs},
  volume={43},
  pages={381},
  year={2007},
  publisher={Cambridge University Press}
}

@incollection{arellano2001panel,
  title={Panel data models: some recent developments},
  author={Arellano, Manuel and Honor{\'e}, Bo},
  booktitle={Handbook of econometrics},
  volume={5},
  pages={3229--3296},
  year={2001},
  publisher={Elsevier}
}

@article{lee1983generalized,
  title={Generalized econometric models with selectivity},
  author={Lee, Lung-Fei},
  journal={Econometrica: Journal of the Econometric Society},
  pages={507--512},
  year={1983},
  publisher={JSTOR}
}

@article{krugman1991increasing,
  title={Increasing returns and economic geography},
  author={Krugman, Paul},
  journal={Journal of political economy},
  volume={99},
  number={3},
  pages={483--499},
  year={1991},
  publisher={The University of Chicago Press}
}


@article{graham2017econometric,
  title={An econometric model of network formation with degree heterogeneity},
  author={Graham, Bryan S},
  journal={Econometrica},
  volume={85},
  number={4},
  pages={1033--1063},
  year={2017},
  publisher={Wiley Online Library}
}

@article{dzemski2019empirical,
  title={An empirical model of dyadic link formation in a network with unobserved heterogeneity},
  author={Dzemski, Andreas},
  journal={Review of Economics and Statistics},
  volume={101},
  number={5},
  pages={763--776},
  year={2019},
  publisher={MIT Press}
}

@article{stammann2016estimating,
  title={Estimating fixed effects logit models with large panel data},
  author={Stammann, Amrei and Heiss, Florian and McFadden, Daniel},
  year={2016},
  publisher={Kiel und Hamburg: ZBW-Deutsche Zentralbibliothek f{\"u}r~â€¦}
}

@article{martin2018bls,
  title={The robustness of conditional logit for binary response panel data models with serial correlation},
  author={Wooldridge, Jeffrey M and Kwak, Do Won and Martin, Robert S},
  journal={August. US Bureau of Labor Statistics Working Paper},
  volume={502},
  year={2018}
}

@article{jochmans2018semiparametric,
  title={Semiparametric analysis of network formation},
  author={Jochmans, Koen},
  journal={Journal of Business \& Economic Statistics},
  volume={36},
  number={4},
  pages={705--713},
  year={2018},
  publisher={Taylor \& Francis}
}

@article{ahn1993semiparametric,
  title={Semiparametric estimation of censored selection models with a nonparametric selection mechanism},
  author={Ahn, Hyungtaik and Powell, James L},
  journal={Journal of Econometrics},
  volume={58},
  number={1-2},
  pages={3--29},
  year={1993},
  publisher={Elsevier}
}

@article{kyriazidou1997estimation,
  title={Estimation of a panel data sample selection model},
  author={Kyriazidou, Ekaterini},
  journal={Econometrica: Journal of the Econometric Society},
  pages={1335--1364},
  year={1997},
  publisher={JSTOR}
}

@incollection{graham2020dyadic,
  title={Dyadic regression},
  author={Graham, Bryan S},
  booktitle={The Econometric Analysis of Network Data},
  pages={23--40},
  year={2020},
  publisher={Elsevier}
}

@Book{rasch1960studies,
  title={Studies in mathematical psychology: I. Probabilistic models for some intelligence and attainment tests.},
  author={Rasch, Georg},
  year={1960},
  publisher={Nielsen \& Lydiche}
}

@article{bartolucci2019partial,
  title={Partial effects estimation for fixed-effects logit panel data models},
  author={Bartolucci, Francesco and Pigini, Claudia},
  journal={Working Papers 431, Universita' Politecnica delle Marche (I), Dipartimento di Scienze Economiche e Sociali.},
  year={2019}
}

@article{kunz2017estimating,
  title={Estimating Fixed Effects: Perfect Prediction and Bias in Binary Response Panel Models, with an Application to the Hospital Readmissions Reduction Program},
  author={Kunz, Johannes and Staub, Kevin E and Winkelmann, Rainer},
  journal={Available at SSRN 3074193},
  year={2017}
}

@article{maddala1983qualitative,
  title={Qualitative and limited dependent variable models in econometrics},
  author={Maddala, Gangadharrao S},
  journal={Cambridge: Cambridge},
  volume={498},
  year={1983}
}

@inproceedings{bierens1987kernel,
  title={Kernel estimators of regression functions},
  author={Bierens, Herman J},
  booktitle={Advances in econometrics: Fifth world congress},
  volume={1},
  pages={99--144},
  year={1987},
  organization={Cambridge University Press New York}
}